title,description,image,productWrapper,price,oldPrice,limitedTime,storeSize
"Didieji apelsinai","1 kg. Ir IKI EXPRESS","https://iki.lt/wp-content/uploads/2026/02/06/20260209-001.jpg","SUPER KAINA","0.99","","Galioja: 02.09 - 02.15","0"
"ROKIŠKIO NAMINĖ varškė","1 kg, 9 % rieb.","https://iki.lt/wp-content/uploads/2026/02/06/20260209-002.jpg","-47%","3.99","7.59","Galioja: 02.09 - 02.15","0"
"Produkcijai MILKA","Įvairių rūšių. Nuolaida netaikoma tepamajam sūriui PHILADELPHIA MILKA. Ir IKI EXPRESS","https://iki.lt/wp-content/uploads/2026/02/06/20260209-003.jpg","","","","Galioja: 02.09 - 02.15","0"
"CLEVER plautos morkos","1 kg","https://iki.lt/wp-content/uploads/2026/02/06/20260209-004.jpg","SUPER KAINA","0.29","","Galioja: 02.09 - 02.15","0"
"Šviežiai kiaulienai","Įvairių rūšių, (nuolaida netaikoma pusgaminiams ir šaldytai kiaulienai)","https://iki.lt/wp-content/uploads/2026/02/06/20260209-005.jpg","","","","Galioja: 02.09 - 02.15","0"
"Mėsos gaminiams GIMINIŲ","Įvairių rūšių","https://iki.lt/wp-content/uploads/2026/02/06/20260209-006.jpg","","","","Galioja: 02.09 - 02.15","0"
"Užkandžiams PRINGLES","160 g, 165 g, įvairių rūšių. Ir IKI EXPRESS","https://iki.lt/wp-content/uploads/2026/02/06/20260209-007.jpg","","","","Galioja: 02.09 - 02.15","0"
"Kavai PELLINI","Įvairių rūšių. Ir IKI EXPRESS","https://iki.lt/wp-content/uploads/2026/02/06/20260209-008.jpg","","","","Galioja: 02.09 - 02.15","0"
"Kosmetikai","Įvairių rūšių, (nuolaida netaikoma kūdikių ir vaikų kosmetikai). Ir IKI EXPRESS","https://iki.lt/wp-content/uploads/2026/02/06/20260209-009.jpg","","","","Galioja: 02.09 - 02.15","0"
"Produkcijai LAIMA","Įvairių rūšių","https://iki.lt/wp-content/uploads/2026/02/06/20260209-010.jpg","","","","Galioja: 02.09 - 02.15","0"
"Sveriamiems saldainiams ROSHEN","Įvairių rūšių","https://iki.lt/wp-content/uploads/2026/02/06/20260209-011.jpg","","","","Galioja: 02.09 - 02.15","3"
"Produkcijai SELGA","Įvairių rūšių. Ir IKI EXPRESS","https://iki.lt/wp-content/uploads/2026/02/06/20260209-012.jpg","","","","Galioja: 02.09 - 02.15","0"
"Produkcijai JAVINĖ","Įvairių rūšių. Ir IKI EXPRESS","https://iki.lt/wp-content/uploads/2026/02/06/20260209-013.jpg","","","","Galioja: 02.09 - 02.15","0"
"Sausainiams ir krekeriams GAIDELIS","Įvairių rūšių","https://iki.lt/wp-content/uploads/2026/02/06/20260209-014.jpg","","","","Galioja: 02.09 - 02.15","0"
"Sausainiams BIRŽŲ DUONA","Įvairių rūšių","https://iki.lt/wp-content/uploads/2026/02/06/20260209-015.jpg","","","","Galioja: 02.09 - 02.15","0"
"Saldainių dėžutėms RAFFAELLO","4 rūšių. Pasiūlymas galioja 2026 02 09 - 02 15. Ir IKI EXPRESS","https://iki.lt/wp-content/uploads/2026/02/06/20260209-016.jpg","","","","Galioja: 02.09 - 02.15","0"
"Saldumynams GEISHA","8 rūšių. Ir IKI EXPRESS","https://iki.lt/wp-content/uploads/2026/02/06/20260209-017.jpg","","","","Galioja: 02.09 - 02.15","0"
"Šokolado plytelė KARŪNA","80 g, 18,63 Eur/kg. Ir IKI EXPRESS","https://iki.lt/wp-content/uploads/2026/02/06/20260209-018.jpg","-44%","1.49","2.69","Galioja: 02.09 - 02.15","0"
"Prancūziški sausainiai TALER","185 g, 15,08 Eur/kg","https://iki.lt/wp-content/uploads/2026/02/06/20260209-019.jpg","TIK","2.79","3.69","Galioja: 02.09 - 02.15","0"
"Guminukai AMOS","65 g, 72 g, 4 rūšių","https://iki.lt/wp-content/uploads/2026/02/06/20260209-020.jpg","TIK","1.29","1.99","Galioja: 02.09 - 02.15","3"
"Ledinukams ir saldainiams CHUPA CHUPS","8 rūšių. Ir IKI EXPRESS","https://iki.lt/wp-content/uploads/2026/02/06/20260209-021.jpg","","","","Galioja: 02.09 - 02.15","0"
"Guminukams HARIBO","Įvairių rūšių. Ir IKI EXPRESS","https://iki.lt/wp-content/uploads/2026/02/06/20260209-022.jpg","","","","Galioja: 02.09 - 02.15","0"
"Saldainiams BAZOOKA","8 rūšių. Ir IKI EXPRESS","https://iki.lt/wp-content/uploads/2026/02/06/20260209-023.jpg","","","","Galioja: 02.09 - 02.15","3"
"Guminukai VIDAL","Įvairių rūšių. Ir IKI EXPRESS","https://iki.lt/wp-content/uploads/2026/02/06/20260209-024.jpg","-43%","0.79","1.39","Galioja: 02.09 - 02.15","0"
"Guminukai ZOZOLE","75 g, 6 rūšių, 6,53 Eur/kg","https://iki.lt/wp-content/uploads/2026/02/06/20260209-025.jpg","TIK","0.49","0.79","Galioja: 02.09 - 02.15","3"
"Sausainiams, sausučiams ir javinukams KAKĖ MAKĖ","120 g, 150 g, 180 g, 3 rūšių","https://iki.lt/wp-content/uploads/2026/02/06/20260209-026.jpg","","","","Galioja: 02.09 - 02.15","0"
"Guminukas MEGA BEAR","350 g, 17,11 Eur/kg","https://iki.lt/wp-content/uploads/2026/02/06/20260209-027.jpg","TIK","5.99","8.99","Galioja: 02.09 - 02.15","0"
"Saldumynams AHA ir KIDDY","Įvairių rūšių","https://iki.lt/wp-content/uploads/2026/02/06/20260209-028.jpg","","","","Galioja: 02.09 - 02.15","0"
"Dražė ir saldainiams M&M’s ir MALTESERS","10 rūšių. Ir IKI EXPRESS","https://iki.lt/wp-content/uploads/2026/02/06/20260209-029.jpg","","","","Galioja: 02.09 - 02.15","0"
"Šokolado plytelė RITTER SPORT","100 g, 4 rūšių, 18,90 Eur/kg","https://iki.lt/wp-content/uploads/2026/02/06/20260209-030.jpg","TIK","1.89","2.99","Galioja: 02.09 - 02.15","3"
"Sveriami saldainiai MIGLĖ","1 kg, 2 rūšių","https://iki.lt/wp-content/uploads/2026/02/06/20260209-031.jpg","TIK","8.59","12.49","Galioja: 02.09 - 02.15","3"
"Raguoliams 7 DAYS","8 rūšių. Ir IKI EXPRESS","https://iki.lt/wp-content/uploads/2026/02/06/20260209-032.jpg","","","","Galioja: 02.09 - 02.15","0"
"Vafliai TALER","135 g, 180 g, 3 rūšių","https://iki.lt/wp-content/uploads/2026/02/06/20260209-033.jpg","-40%","1.19","1.99","Galioja: 02.09 - 02.15","0"
"BILLA PREMIUM sausainiai","200 g, 210 g, 3 rūšių","https://iki.lt/wp-content/uploads/2026/02/06/20260209-034.jpg","-40%","1.79","2.99","Galioja: 02.09 - 02.15","3"
"BILLA sviestiniai vafliai PREMIUM","250 g, 9,56 Eur/kg","https://iki.lt/wp-content/uploads/2026/02/06/20260209-035.jpg","-40%","2.39","3.99","Galioja: 02.09 - 02.15","3"
"Saulėgrąžų chalva","400 g, 2,73 Eur/kg","https://iki.lt/wp-content/uploads/2026/02/06/20260209-036.jpg","TIK","1.09","1.69","Galioja: 02.09 - 02.15","0"
"IKI ŠEFAI spurgoms","Įvairių rūšių. Ir IKI EXPRESS","https://iki.lt/wp-content/uploads/2026/02/06/20260209-037.jpg","","","","Galioja: 02.09 - 02.15","0"
"IKI ŠEFAI desertas su ananasų ir kokosų įdaru","120 g, 19,08 Eur/kg","https://iki.lt/wp-content/uploads/2026/02/06/20260209-038.jpg","-28%","2.29","3.19","Galioja: 02.09 - 02.15","0"
"Pyragėlis su saldžiu kremu ir braškėmis","95 g, 5,79 Eur/kg","https://iki.lt/wp-content/uploads/2026/02/06/20260209-039.jpg","TIK","0.55","0.69","Galioja: 02.09 - 02.15","3"
"IKI ŠEFAI tartaletė su migdolų kremu ir serbentais","80 g, 17,38 Eur/kg","https://iki.lt/wp-content/uploads/2026/02/06/20260209-040.jpg","-30%","1.39","1.99","Galioja: 02.09 - 02.15","3"
"Pyragaitis su marcipanų įdaru ir aguonomis","79 g, 6,20 Eur/kg","https://iki.lt/wp-content/uploads/2026/02/06/20260209-041.jpg","-28%","0.49","0.69","Galioja: 02.09 - 02.15","3"
"Bandelė su varške","100 g, 0,69 Eur/vnt. Ir IKI EXPRESS","https://iki.lt/wp-content/uploads/2026/02/06/20260209-042.jpg","2+1","1.38","0.69","Galioja: 02.09 - 02.15","0"
"KARALIŠKAS MARMURINIS keksiukas","115 g, 8,61 Eur/kg","https://iki.lt/wp-content/uploads/2026/02/06/20260209-043.jpg","-23%","0.99","1.29","Galioja: 02.09 - 02.15","3"
"Pyragaitis MEILĖ","60 g, 16,50 Eur/kg","https://iki.lt/wp-content/uploads/2026/02/06/20260209-044.jpg","-37%","0.99","1.59","Galioja: 02.09 - 02.15","3"
"Jogurtinis tortas MEILĖ su aviečių įdaru","1 kg","https://iki.lt/wp-content/uploads/2026/02/06/20260209-045.jpg","-27%","12.99","17.99","Galioja: 02.09 - 02.15","3"
"Pyragaičių rinkinys MEILĖ","120 g 16,58 Eur/kg","https://iki.lt/wp-content/uploads/2026/02/06/20260209-046.jpg","-37%","1.99","3.19","Galioja: 02.09 - 02.15","3"
"Saldainiai dėžutėje RAFFAELLO","140 g, 49,93 Eur/kg","https://iki.lt/wp-content/uploads/2026/02/06/20260209-047.jpg","-30%","6.99","9.99","Galioja: 02.09 - 02.15","0"
"Saldainiai dėžutėje ROSHEN CHERRY QUEEN","122 g, 28,61 Eur/kg","https://iki.lt/wp-content/uploads/2026/02/06/20260209-048.jpg","TIK","3.49","5.49","Galioja: 02.09 - 02.15","0"
"Saldainiai dėžutėje HAMLET","100 g, 25,90 Eur/kg","https://iki.lt/wp-content/uploads/2026/02/06/20260209-049.jpg","-35%","2.59","3.99","Galioja: 02.09 - 02.15","0"
"Guminukai HARIBO LOVE EDITION","160 g, 9,31 Eur/kg","https://iki.lt/wp-content/uploads/2026/02/06/20260209-050.jpg","TIK","1.49","1.99","Galioja: 02.09 - 02.15","0"
"Guminukai ZOZOLE LOVE ME","75 g, 7,87 Eur/kg","https://iki.lt/wp-content/uploads/2026/02/06/20260209-051.jpg","TIK","0.59","0.89","Galioja: 02.09 - 02.15","0"
"Braškių skonio ledinukai FINI","80 g, 3,63 Eur/kg","https://iki.lt/wp-content/uploads/2026/02/06/20260209-052.jpg","TIK","0.29","0.39","Galioja: 02.09 - 02.15","0"
"Baltasis šokoladas su avietėmis CACHET","100 g, 19,90 Eur/kg","https://iki.lt/wp-content/uploads/2026/02/06/20260209-053.jpg","TIK","1.99","2.99","Galioja: 02.09 - 02.15","0"
"Šokoladiniai meškiukai CUPIDO","35 g, 36,86 Eur/kg","https://iki.lt/wp-content/uploads/2026/02/06/20260209-054.jpg","-35%","1.29","1.99","Galioja: 02.09 - 02.15","0"
"Juodasis šokoladas RŪTA","18 g, 32,78 Eur/kg","https://iki.lt/wp-content/uploads/2026/02/06/20260209-055.jpg","TIK","0.59","0.89","Galioja: 02.09 - 02.15","0"
"BON VIA FLORA skintos TULPĖS","25 vnt., 35 cm","https://iki.lt/wp-content/uploads/2026/02/06/20260209-056.jpg","TIK","9.99","","Galioja: 02.09 - 02.15","3"
"Skintos TULPĖS","9 vnt., 35 cm","https://iki.lt/wp-content/uploads/2026/02/06/20260209-057.jpg","TIK","2.99","","Galioja: 02.09 - 02.15","3"
"Skinti NARCIZAI","9 vnt., 25 cm","https://iki.lt/wp-content/uploads/2026/02/06/20260209-058.jpg","TIK","1.49","","Galioja: 02.09 - 02.15","3"
"Šventinis VALENTINO obuolys","1 vnt. Prekyboje nuo 2026 02 13","https://iki.lt/wp-content/uploads/2026/02/06/20260209-059.jpg","TIK","0.69","","Galioja: 02.13 - 02.15","3"
"Braškės dėžutėje","13,31 Eur/kg","https://iki.lt/wp-content/uploads/2026/02/06/20260209-060.jpg","TIK","5.99","","Galioja: 02.09 - 02.15","3"
"Tualetinis popierius RENOVA RED VALENTINE’S","1 rit., 3 sl., pasiūlymas galioja iki 2026 02 09 - 02 15","https://iki.lt/wp-content/uploads/2026/02/06/20260209-061.jpg","TIK","1.99","4.99","Galioja: 02.09 - 02.15","0"
"Vynuogėms","Įvairių rūšių. Ir IKI EXPRESS","https://iki.lt/wp-content/uploads/2026/02/06/20260209-062.jpg","","","","Galioja: 02.09 - 02.15","0"
"Raudonieji obuoliai JONAGOLD","1 kg. Ir IKI EXPRESS","https://iki.lt/wp-content/uploads/2026/02/06/20260209-063.jpg","TIK","0.99","","Galioja: 02.09 - 02.15","0"
"Braškės CALINDA","12,48 Eur/kg","https://iki.lt/wp-content/uploads/2026/02/06/20260209-064.jpg","TIK","4.99","","Galioja: 02.09 - 02.15","3"
"Sveriamos didžiosios kriaušės CONFERENCE","1 kg. Ir IKI EXPRESS","https://iki.lt/wp-content/uploads/2026/02/06/20260209-065.jpg","TIK","1.99","","Galioja: 02.09 - 02.15","0"
"Kiviai","1 kg","https://iki.lt/wp-content/uploads/2026/02/06/20260209-066.jpg","TIK","2.99","","Galioja: 02.09 - 02.15","0"
"Geltonieji kiviai","3,98 Eur/kg. Ir IKI EXPRESS","https://iki.lt/wp-content/uploads/2026/02/06/20260209-067.jpg","TIK","1.99","","Galioja: 02.09 - 02.15","0"
"Datulės MEDJOOL","9,98 Eur/kg","https://iki.lt/wp-content/uploads/2026/02/06/20260209-068.jpg","TIK","4.99","","Galioja: 02.09 - 02.15","3"
"Geltonieji melionai","1 kg. Ir IKI EXPRESS","https://iki.lt/wp-content/uploads/2026/02/06/20260209-069.jpg","TIK","1.59","","Galioja: 02.09 - 02.15","0"
"Arbūzai","1 kg","https://iki.lt/wp-content/uploads/2026/02/06/20260209-070.jpg","TIK","1.59","","Galioja: 02.09 - 02.15","3"
"Baltieji greipfrutai POMELO","1 kg. Ir IKI EXPRESS","https://iki.lt/wp-content/uploads/2026/02/06/20260209-071.jpg","TIK","0.79","","Galioja: 02.09 - 02.15","0"
"Sveriamos citrinos","1 kg","https://iki.lt/wp-content/uploads/2026/02/06/20260209-072.jpg","TIK","1.99","","Galioja: 02.09 - 02.15","0"
"Didieji raudonieji greipfrutai","1 kg","https://iki.lt/wp-content/uploads/2026/02/06/20260209-073.jpg","TIK","1.49","","Galioja: 02.09 - 02.15","0"
"Ilgavaisiai agurkai","1 vnt.","https://iki.lt/wp-content/uploads/2026/02/06/20260209-074.jpg","SUPER KAINA","0.99","","Galioja: 02.09 - 02.15","0"
"BON VIA slyviniai pomidorai","3,58 Eur/kg","https://iki.lt/wp-content/uploads/2026/02/06/20260209-075.jpg","TIK","1.79","","Galioja: 02.09 - 02.15","0"
"Vynuoginiai pomidorai COCTAIL","5,98 Eur/kg. Ir IKI EXPRESS","https://iki.lt/wp-content/uploads/2026/02/06/20260209-076.jpg","TIK","2.99","","Galioja: 02.09 - 02.15","0"
"BON VIA slyviniai vynuoginiai pomidoriukai","5,56 Eur/kg. Ir IKI EXPRESS","https://iki.lt/wp-content/uploads/2026/02/06/20260209-077.jpg","TIK","1.39","","Galioja: 02.09 - 02.15","0"
"IKI šviežių lapinių salotų mišiniams","Įvairių rūšių","https://iki.lt/wp-content/uploads/2026/02/06/20260209-078.jpg","","","","Galioja: 02.09 - 02.15","0"
"Lapinė salota vazonėlyje LOLLO BIONDO","1 vnt.","https://iki.lt/wp-content/uploads/2026/02/06/20260209-079.jpg","TIK","1.29","","Galioja: 02.09 - 02.15","0"
"Žirnių daigai LEAFOOD","47,60 Eur/kg","https://iki.lt/wp-content/uploads/2026/02/06/20260209-080.jpg","TIK","1.19","","Galioja: 02.09 - 02.15","3"
"Raudonųjų ridikėlių ryšulėlis","1 vnt.","https://iki.lt/wp-content/uploads/2026/02/06/20260209-081.jpg","TIK","0.69","","Galioja: 02.09 - 02.15","3"
"BON VIA salota ICEBERG","1 vnt. Ir IKI EXPRESS","https://iki.lt/wp-content/uploads/2026/02/06/20260209-082.jpg","TIK","1.49","","Galioja: 02.09 - 02.15","0"
"Šviežių krapų ar petražolių ryšulėlis","15,80 Eur/kg","https://iki.lt/wp-content/uploads/2026/02/06/20260209-083.jpg","TIK","0.79","","Galioja: 02.09 - 02.15","3"
"BON VIA lapkotiniai salierai","1 vnt. Ir IKI EXPRESS","https://iki.lt/wp-content/uploads/2026/02/06/20260209-084.jpg","TIK","1.39","","Galioja: 02.09 - 02.15","0"
"Avokadams","Įvairių rūšių. Ir IKI EXPRESS","https://iki.lt/wp-content/uploads/2026/02/06/20260209-085.jpg","","","","Galioja: 02.09 - 02.15","0"
"Pievagrybiai","3,96 Eur/kg. Ir IKI EXPRESS","https://iki.lt/wp-content/uploads/2026/02/06/20260209-086.jpg","TIK","0.99","","Galioja: 02.09 - 02.15","0"
"IKI PRANO kopūstų salotos marinate","1,43 Eur/kg. Ir IKI EXPRESS","https://iki.lt/wp-content/uploads/2026/02/06/20260209-087.jpg","TIK","1.29","","Galioja: 02.09 - 02.15","0"
"Virti burokėliai KVEDARŲ ŪKIS","1,18 Eur/kg. Ir IKI EXPRESS","https://iki.lt/wp-content/uploads/2026/02/06/20260209-088.jpg","TIK","0.59","","Galioja: 02.09 - 02.15","0"
"Svogūnų sodinukams","","https://iki.lt/wp-content/uploads/2026/02/06/20260209-089.jpg","","","","Galioja: 02.09 - 02.15","0"
"IKI ŠEFAI kulinarijos šeiminės pakuotės","Įvairių rūšių, (pasiūlymas galioja tik to paties kainų lygio prekėms)","https://iki.lt/wp-content/uploads/2026/02/06/20260209-090.jpg","","","","Galioja: 02.09 - 02.15","0"
"IKI ŠEFAI kepti šašlykai su ryžiais","320 g, 10,91 Eur/kg","https://iki.lt/wp-content/uploads/2026/02/06/20260209-091.jpg","-27%","3.49","4.79","Galioja: 02.09 - 02.15","3"
"IKI ŠEFAI keptas kiaulienos šnicelis su bulvių koše","290 g, 12,72 Eur/kg","https://iki.lt/wp-content/uploads/2026/02/06/20260209-092.jpg","-22%","3.69","4.79","Galioja: 02.09 - 02.15","0"
"IKI ŠEFAI troškinti balandėliai","1 kg, (šeiminė pakuotė)","https://iki.lt/wp-content/uploads/2026/02/06/20260209-093.jpg","-39%","6.99","11.49","Galioja: 02.09 - 02.15","0"
"IKI ŠEFAI šaltienai","330 g, 1 kg, 6 rūšių","https://iki.lt/wp-content/uploads/2026/02/06/20260209-094.jpg","","","","Galioja: 02.09 - 02.15","0"
"IKI ŠEFAI burokėlių ir obuolių salotos","300 g, 6,63 Eur/kg. Ir IKI EXPRESS","https://iki.lt/wp-content/uploads/2026/02/06/20260209-095.jpg","-20%","1.99","2.49","Galioja: 02.09 - 02.15","0"
"IKI ŠEFAI BALTOJI mišrainė","350 g, 5,11 Eur/kg. Ir IKI EXPRESS","https://iki.lt/wp-content/uploads/2026/02/06/20260209-096.jpg","-21%","1.79","2.29","Galioja: 02.09 - 02.15","0"
"IKI ŠEFAI trikampis sumuštinis su kiaulienos kumpiu","170 g, 9,71 Eur/kg. Ir IKI EXPRESS","https://iki.lt/wp-content/uploads/2026/02/06/20260209-097.jpg","-48%","1.65","3.19","Galioja: 02.09 - 02.15","0"
"IKI ŠEFAI DIDYSIS perlenktas sumuštinis su kumpiu","250 g, 13,16 Eur/kg. Ir IKI EXPRESS","https://iki.lt/wp-content/uploads/2026/02/06/20260209-098.jpg","-23%","3.29","4.29","Galioja: 02.09 - 02.15","0"
"Tortas MADAME NOIR su šokoladu","1 kg","https://iki.lt/wp-content/uploads/2026/02/06/20260209-100.jpg","-22%","16.99","21.99","Galioja: 02.09 - 02.15","3"
"Tortas PASIFLORA","800 g, 11,24 Eur/kg","https://iki.lt/wp-content/uploads/2026/02/06/20260209-101.jpg","TIK","8.99","10.49","Galioja: 02.09 - 02.15","3"
"VAISINIS tortas","1 kg","https://iki.lt/wp-content/uploads/2026/02/06/20260209-102.jpg","TIK","12.49","14.99","Galioja: 02.09 - 02.15","3"
"PLIKYTOS tešlos pyragas su braškių želė","1 kg","https://iki.lt/wp-content/uploads/2026/02/06/20260209-103.jpg","TIK","10.99","13.45","Galioja: 02.09 - 02.15","3"
"Pyragas RUBINAS su spanguolėmis","1 kg. Ir IKI EXPRESS","https://iki.lt/wp-content/uploads/2026/02/06/20260209-104.jpg","-30%","8.99","12.99","Galioja: 02.09 - 02.15","3"
"Pyragas NAPOLEONAS","1 kg","https://iki.lt/wp-content/uploads/2026/02/06/20260209-105.jpg","-20%","9.59","11.99","Galioja: 02.09 - 02.15","3"
"Pyragaičių rinkiniams","Įvairių rūšių. Ir IKI EXPRESS","https://iki.lt/wp-content/uploads/2026/02/06/20260209-106.jpg","","","","Galioja: 02.09 - 02.15","0"
"Džiūvėsiams CANTUCCI ir florentinams","2 rūšių","https://iki.lt/wp-content/uploads/2026/02/06/20260209-107.jpg","","","","Galioja: 02.09 - 02.15","3"
"Spurga DONUT FROSTY ORANGE su įdaru","70 g, 7,00 Eur/kg. Pasiūlymas galioja iki 2026 03 01","https://iki.lt/wp-content/uploads/2026/02/06/20260209-108.jpg","TIK","0.49","0.69","Galioja: 02.09 - 02.15","0"
"Pyragaitis su klevų sirupu ir pekano riešutais","85 g, 6,94 Eur/kg","https://iki.lt/wp-content/uploads/2026/02/06/20260209-109.jpg","TIK","0.59","0.69","Galioja: 02.09 - 02.15","3"
"Kruasanas su kumpiu ir sūriu","95 g, 6,21 Eur/kg. Ir IKI EXPRESS","https://iki.lt/wp-content/uploads/2026/02/06/20260209-110.jpg","-33%","0.59","0.89","Galioja: 02.09 - 02.15","0"
"Užkandis su dešrele ir sūriu","120 g, 9,92 Eur/kg","https://iki.lt/wp-content/uploads/2026/02/06/20260209-111.jpg","-25%","1.19","1.59","Galioja: 02.09 - 02.15","3"
"Beliašas su mėsa","85 g, 90 g","https://iki.lt/wp-content/uploads/2026/02/06/20260209-112.jpg","-20%","0.79","0.99","Galioja: 02.09 - 02.15","3"
"Pyragėlis su kreminiu sūriu ir žolelėmis","57 g, 6,84 Eur/kg. Pasiūlymas galioja iki 2026 03 01","https://iki.lt/wp-content/uploads/2026/02/06/20260209-113.jpg","TIK","0.39","0.69","Galioja: 02.09 - 02.15","0"
"PRANCŪZIŠKAS batonas su česnakinio sviesto įdaru","160 g, 3,69 Eur/kg. Ir IKI EXPRESS","https://iki.lt/wp-content/uploads/2026/02/06/20260209-114.jpg","-25%","0.59","0.79","Galioja: 02.09 - 02.15","0"
"PRANCŪZIŠKA duonelė","65 g, 2,31 Eur/kg. Ir IKI EXPRESS","https://iki.lt/wp-content/uploads/2026/02/06/20260209-115.jpg","TIK","0.15","0.20","Galioja: 02.09 - 02.15","0"
"Ruginė veganiška duona su kanapių sėklomis","400 g, 2,98 Eur/kg","https://iki.lt/wp-content/uploads/2026/02/06/20260209-116.jpg","TIK","1.19","1.39","Galioja: 02.09 - 02.15","3"
"Duonai JORĖ","280 g, 580 g, 2 rūšių","https://iki.lt/wp-content/uploads/2026/02/06/20260209-117.jpg","","","","Galioja: 02.09 - 02.15","0"
"Duonai BEATOS VIRTUVĖ","300 g, 400 g, 3 rūšių. Ir IKI EXPRESS","https://iki.lt/wp-content/uploads/2026/02/06/20260209-118.jpg","","","","Galioja: 02.09 - 02.15","0"
"PONIŠKA šviesi bemielė duona","600 g, 2,82 Eur/kg","https://iki.lt/wp-content/uploads/2026/02/06/20260209-119.jpg","TIK","1.69","2.09","Galioja: 02.09 - 02.15","0"
"Skrudinamajai PUSRYČIŲ duonai","450 g, 500 g, 3 rūšių","https://iki.lt/wp-content/uploads/2026/02/06/20260209-120.jpg","","","","Galioja: 02.09 - 02.15","3"
"SOSTINĖS batonas","400 g, 2,23 Eur/kg. Ir IKI EXPRESS","https://iki.lt/wp-content/uploads/2026/02/06/20260209-121.jpg","-31%","0.89","1.29","Galioja: 02.09 - 02.15","0"
"Pieniškos bandelės su šokoladu","280 g, 10,32 Eur/kg","https://iki.lt/wp-content/uploads/2026/02/06/20260209-122.jpg","TIK","2.89","3.59","Galioja: 02.09 - 02.15","0"
"BOČIŲ šakotis","560 g, 12,48 Eur/kg","https://iki.lt/wp-content/uploads/2026/02/06/20260209-123.jpg","TIK","6.99","9.79","Galioja: 02.09 - 02.15","0"
"Skruzdėlynas su aguonomis","200 g, 15,95 Eur/kg. Ir IKI EXPRESS","https://iki.lt/wp-content/uploads/2026/02/06/20260209-124.jpg","TIK","3.19","3.99","Galioja: 02.09 - 02.15","0"
"Vafliai TOFITELLO","440 g, 7,93 Eur/kg. Ir IKI EXPRESS","https://iki.lt/wp-content/uploads/2026/02/06/20260209-125.jpg","TIK","3.49","4.99","Galioja: 02.09 - 02.15","0"
"Šaldyti koldūnai VIČI KHINKALI","350 g, 400 g, 3 rūšių, (pasiūlymas galioja tik to paties kainų lygio prekėms). Ir IKI EXPRESS","https://iki.lt/wp-content/uploads/2026/02/06/20260209-128.jpg","","","","Galioja: 02.09 - 02.15","0"
"Ledams KAR KAR","Įvairių rūšių. Ir IKI EXPRESS","https://iki.lt/wp-content/uploads/2026/02/06/20260209-129.jpg","","","","Galioja: 02.09 - 02.15","3"
"Ledai SNICKERS, MARS, TWIX ar BOUNTY","5 rūšių, (pasiūlymas galioja tik to paties kainų lygio prekėms)","https://iki.lt/wp-content/uploads/2026/02/06/20260209-130.jpg","","","","Galioja: 02.09 - 02.15","3"
"Ledai NYKŠTUKAS vafliniame puodelyje","130 ml, 4 rūšių, 6,92 Eur/l","https://iki.lt/wp-content/uploads/2026/02/06/20260209-131.jpg","-30%","0.90","1.29","Galioja: 02.09 - 02.15","3"
"Ledai BALTIJA vafliniame ragelyje","140 ml, 150 ml, 3 rūšių, 2,49 Eur/vnt. Ir IKI EXPRESS","https://iki.lt/wp-content/uploads/2026/02/06/20260209-132.jpg","1+1","2.49","","Galioja: 02.09 - 02.15","0"
"Šaldyti ŠVEDIŠKI mėsos kukuliai NOWACO","300 g, 11,63 Eur/kg","https://iki.lt/wp-content/uploads/2026/02/06/20260209-133.jpg","-30%","3.49","4.99","Galioja: 02.09 - 02.15","3"
"Šaldytoms bulvėms WERNSING","600 g, 2 rūšių","https://iki.lt/wp-content/uploads/2026/02/06/20260209-134.jpg","","","","Galioja: 02.09 - 02.15","3"
"Šaldytai produkcijai HORTEX","400 g, 450 g, 8 rūšių. Ir IKI EXPRESS","https://iki.lt/wp-content/uploads/2026/02/06/20260209-135.jpg","","","","Galioja: 02.09 - 02.15","0"
"BILLA šaldyta pica","330 g, 340 g, 350 g, 3 rūšių, 3,19 Eur/vnt. Ir IKI EXPRESS","https://iki.lt/wp-content/uploads/2026/02/06/20260209-136.jpg","2+1","6.38","3.19","Galioja: 02.09 - 02.15","0"
"Šaldytos argentininės jūrinės lydekos ESVA be galvų","595 g, 6,71 Eur/kg. Ir IKI EXPRESS","https://iki.lt/wp-content/uploads/2026/02/06/20260209-137.jpg","-27%","3.99","5.49","Galioja: 02.09 - 02.15","3"
"Šaldyti patiekalai FOOD COURT","320 g, 350 g, 4 rūšių. Ir IKI EXPRESS","https://iki.lt/wp-content/uploads/2026/02/06/20260209-138.jpg","-30%","3.14","4.49","Galioja: 02.09 - 02.15","3"
"Atvėsinti skrosti vaivorykštiniai upėtakiai","1 kg","https://iki.lt/wp-content/uploads/2026/02/06/20260209-139.jpg","-33%","5.99","8.99","Galioja: 02.09 - 02.15","3"
"Atitirpinta gelsvauodegių tunų filė","1 kg","https://iki.lt/wp-content/uploads/2026/02/06/20260209-140.jpg","-25%","19.99","26.99","Galioja: 02.09 - 02.15","3"
"Silkių filė DESĖ EGLUTĖ","300 g, 7,97 Eur/kg","https://iki.lt/wp-content/uploads/2026/02/06/20260209-141.jpg","TIK","2.39","2.79","Galioja: 02.09 - 02.15","0"
"IKI silkių filė aliejuje","400 g, 2 rūšių, 6,73 Eur/kg","https://iki.lt/wp-content/uploads/2026/02/06/20260209-142.jpg","22%","2.69","3.49","Galioja: 02.09 - 02.15","0"
"BAJORIŠKA silkių filė su grybais","320 g, 8,41 Eur/kg","https://iki.lt/wp-content/uploads/2026/02/06/20260209-143.jpg","-25%","2.69","3.59","Galioja: 02.09 - 02.15","3"
"Sūdyta ar šaltai rūkyta atlantinių lašišų filė ZIGMAS","100 g, 2 rūšių, 27,90 Eur/kg","https://iki.lt/wp-content/uploads/2026/02/06/20260209-144.jpg","-30%","2.79","3.99","Galioja: 02.09 - 02.15","0"
"Atitirpintos aliaskinės jūrinės plekšnės be galvų","1 kg","https://iki.lt/wp-content/uploads/2026/02/06/20260209-145.jpg","-33%","6.99","10.49","Galioja: 02.09 - 02.15","3"
"Midijos grietinės ir česnakų padaže","760 g, 7,88 Eur/kg. Pasiūlymas galioja 2026 02 11 - 02 13","https://iki.lt/wp-content/uploads/2026/02/06/20260209-146.jpg","-29%","5.99","8.49","Galioja: 02.11 - 02.13","0"
"Karštai rūkytoms žuvims DAUPARŲ ŽUVIS","3 rūšių","https://iki.lt/wp-content/uploads/2026/02/06/20260209-147.jpg","","","","Galioja: 02.09 - 02.15","3"
"Fasuotiems karpių gaminiams","2 rūšių","https://iki.lt/wp-content/uploads/2026/02/06/20260209-148.jpg","","","","Galioja: 02.09 - 02.15","3"
"Krabų skonio lazdelės iš surimio VIČI SNOW CRAB","250 g, 11,96 Eur/kg","https://iki.lt/wp-content/uploads/2026/02/06/20260209-149.jpg","TIK","2.99","4.29","Galioja: 02.09 - 02.15","0"
"Krevetėms, surimio gabaliukams ir moliuskams VIČI","200 g, 320 g, 4 rūšių","https://iki.lt/wp-content/uploads/2026/02/06/20260209-150.jpg","","","","Galioja: 02.09 - 02.15","3"
"SKANDINAVIŠKAI silkių filė EDEGA","260 g, 300 g, 2 rūšių","https://iki.lt/wp-content/uploads/2026/02/06/20260209-151.jpg","","","","Galioja: 02.09 - 02.15","3"
"IKI ŪKIS jautienos kumpis be kaulo","(iš buliaus mėsos), 1 kg","https://iki.lt/wp-content/uploads/2026/02/06/20260209-152.jpg","TIK","12.69","14.99","Galioja: 02.09 - 02.15","3"
"IKI ŪKIS jautienos sprandinė su pomente be kaulo","(iš buliaus mėsos), 1 kg","https://iki.lt/wp-content/uploads/2026/02/06/20260209-153.jpg","TIK","13.49","15.99","Galioja: 02.09 - 02.15","3"
"Šviežios TRADICINĖS lietuviškos dešrelės","1 kg","https://iki.lt/wp-content/uploads/2026/02/06/20260209-154.jpg","TIK","5.49","6.49","Galioja: 02.09 - 02.15","3"
"IKI kiaulienos sprandinė be kaulo su pomente","360 g, 7,75 Eur/kg","https://iki.lt/wp-content/uploads/2026/02/06/20260209-155.jpg","-20%","2.79","3.49","Galioja: 02.09 - 02.15","3"
"IKI šviežia viščiukų broilerių vidinė filė","400 g, 8,23 Eur/kg","https://iki.lt/wp-content/uploads/2026/02/06/20260209-156.jpg","-31%","3.29","4.79","Galioja: 02.09 - 02.15","3"
"IKI ŪKIS jautienos mentė su kaulu","(iš buliaus mėsos), 1 kg","https://iki.lt/wp-content/uploads/2026/02/06/20260209-157.jpg","TIK","12.29","14.49","Galioja: 02.09 - 02.15","3"
"IKI ŪKIS jautienos šonkauliai","(iš buliaus mėsos), 1 kg","https://iki.lt/wp-content/uploads/2026/02/06/20260209-158.jpg","TIK","11.99","12.99","Galioja: 02.09 - 02.15","3"
"Sausai brandinta smulkinta jautiena GRYNUOLIAI","(riebumas ne didesnis kaip 10 %), 450 g, 10,64 Eur/kg","https://iki.lt/wp-content/uploads/2026/02/06/20260209-159.jpg","TIK","4.79","5.49","Galioja: 02.09 - 02.15","3"
"Marinuotai VILNIAUS PAUKŠTYNO PREMIUM produkcijai","5 rūšių","https://iki.lt/wp-content/uploads/2026/02/06/20260209-160.jpg","","","","Galioja: 02.09 - 02.15","3"
"Lėtai virtų kiaulienos ŠONKAULIŲ ASORTI","1 kg","https://iki.lt/wp-content/uploads/2026/02/06/20260209-161.jpg","-40%","5.99","9.99","Galioja: 02.09 - 02.15","0"
"IKI šviežia viščiukų broilerių šlaunelių mėsa","500 g, 7,58 Eur/kg","https://iki.lt/wp-content/uploads/2026/02/06/20260209-162.jpg","-20%","3.79","4.79","Galioja: 02.09 - 02.15","0"
"Šviežiai RUMŠIŠKIŲ PAUKŠTYNO vištienai","500 g, 1 kg, 3 rūšių","https://iki.lt/wp-content/uploads/2026/02/06/20260209-163.jpg","","","","Galioja: 02.09 - 02.15","3"
"Šviežiai kalakutienai ARVI","200 g, 400 g, 1 kg, 3 rūšių","https://iki.lt/wp-content/uploads/2026/02/06/20260209-164.jpg","","","","Galioja: 02.09 - 02.15","3"
"SAMSONO PIENIŠKOS virtos dešrelės","310 g, 3,69 Eur/vnt. Ir IKI EXPRESS","https://iki.lt/wp-content/uploads/2026/02/06/20260209-165.jpg","1+1","3.69","","Galioja: 02.09 - 02.15","0"
"Vytintos dešrelės PAGAMINTA BE KONSERVANTŲ","220 g, a. r., 5,99 Eur/vnt.","https://iki.lt/wp-content/uploads/2026/02/06/20260209-166.jpg","1+1","5.99","","Galioja: 02.09 - 02.15","3"
"Karštai rūkytas servelatas KAI NORISI MĖSOS","400 g, a. r., 5,99 Eur/vnt.","https://iki.lt/wp-content/uploads/2026/02/06/20260209-167.jpg","1+1","5.99","","Galioja: 02.09 - 02.15","0"
"Vytintoms dešroms FUET","150 g, 170 g, 6 rūšių","https://iki.lt/wp-content/uploads/2026/02/06/20260209-168.jpg","","","","Galioja: 02.09 - 02.15","0"
"Vytinta JUBILIEJAUS dešra","200 g, a. r., 19,95 Eur/kg","https://iki.lt/wp-content/uploads/2026/02/06/20260209-169.jpg","TIK","3.99","6.99","Galioja: 02.09 - 02.15","3"
"Karštai rūkytos MEDŽIOTOJŲ DEŠRELĖS","600 g, a. r., 4,98 Eur/kg","https://iki.lt/wp-content/uploads/2026/02/06/20260209-170.jpg","TIK","2.99","6.29","Galioja: 02.09 - 02.15","0"
"Vytintas BAJORŲ kumpis griežinėliais","110 g, a. r., 3,49 Eur/vnt.","https://iki.lt/wp-content/uploads/2026/02/06/20260209-171.jpg","1+1","3.49","","Galioja: 02.09 - 02.15","3"
"KREKENAVOS dešroms EKSTRA","570 g, 2 rūšių","https://iki.lt/wp-content/uploads/2026/02/06/20260209-172.jpg","","","","Galioja: 02.09 - 02.15","3"
"IKI virtoms dešroms ir dešrelėms","5 rūšių. Ir IKI EXPRESS","https://iki.lt/wp-content/uploads/2026/02/06/20260209-173.jpg","","","","Galioja: 02.09 - 02.15","0"
"Mėsos gaminiams NOO","9 rūšių","https://iki.lt/wp-content/uploads/2026/02/06/20260209-174.jpg","","","","Galioja: 02.09 - 02.15","0"
"Karštai rūkytos dešrelės BIOVELA","100 g, 4 rūšių, 3,29 Eur/vnt.","https://iki.lt/wp-content/uploads/2026/02/06/20260209-175.jpg","1+1","3.29","","Galioja: 02.09 - 02.15","3"
"Virta PANERIO PIENIŠKA dešra","300 g, a. r., 1,99 Eur/vnt.","https://iki.lt/wp-content/uploads/2026/02/06/20260209-176.jpg","1+1","1.99","","Galioja: 02.09 - 02.15","3"
"Vytinta dešra BERNŲ","200 g, 6,49 Eur/vnt.","https://iki.lt/wp-content/uploads/2026/02/06/20260209-177.jpg","1+1","6.49","","Galioja: 02.09 - 02.15","0"
"Virtos pieniškos dešrelės KAI NORISI MĖSOS","280 g, a. r., 5,68 Eur/kg. Ir IKI EXPRESS","https://iki.lt/wp-content/uploads/2026/02/06/20260209-178.jpg","TIK","1.59","3.39","Galioja: 02.09 - 02.15","0"
"Virta SAMSONO PANERIO dešra","330 g, a. r., 6,03 Eur/kg","https://iki.lt/wp-content/uploads/2026/02/06/20260209-179.jpg","TIK","1.99","3.99","Galioja: 02.09 - 02.15","0"
"IKI sūriams","4 rūšių","https://iki.lt/wp-content/uploads/2026/02/06/20260209-180.jpg","","","","Galioja: 02.09 - 02.15","0"
"Pienas ROKIŠKIO NAMINIS","2 l, 2,5 % rieb., 1,10 Eur/l","https://iki.lt/wp-content/uploads/2026/02/06/20260209-181.jpg","-21%","2.19","2.79","Galioja: 02.09 - 02.15","3"
"Pienui DVARO","0,5 l, 2,5 % rieb., 3,5 % rieb., 2 rūšių","https://iki.lt/wp-content/uploads/2026/02/06/20260209-182.jpg","","","","Galioja: 02.09 - 02.15","0"
"Pienui MARGĖ be laktozės","1 l, 2 rūšių","https://iki.lt/wp-content/uploads/2026/02/06/20260209-183.jpg","","","","Galioja: 02.09 - 02.15","3"
"Kefyras VILKYŠKIŲ","1 kg, 2,5 % rieb. Ir IKI EXPRESS","https://iki.lt/wp-content/uploads/2026/02/06/20260209-184.jpg","TIK","1.59","1.89","Galioja: 02.09 - 02.15","0"
"Augalinis gėrimas MARGĖ","1 l, 2 rūšių","https://iki.lt/wp-content/uploads/2026/02/06/20260209-185.jpg","-21%","1.79","2.29","Galioja: 02.09 - 02.15","3"
"Grietinei ŽALOJI KARVUTĖ","200 g, 400 g, 12 % rieb., 20 % rieb., 30 % rieb., 4 rūšių","https://iki.lt/wp-content/uploads/2026/02/06/20260209-186.jpg","","","","Galioja: 02.09 - 02.15","0"
"Sviestas ROKIŠKIO NAMINIS","180 g, 82 % rieb., 9,94 Eur/kg","https://iki.lt/wp-content/uploads/2026/02/06/20260209-187.jpg","-33%","1.79","2.69","Galioja: 02.09 - 02.15","0"
"Švelniai sūdytas ožkų pieno sviestas","125 g, 82 % rieb., 15,92 Eur/kg","https://iki.lt/wp-content/uploads/2026/02/06/20260209-188.jpg","TIK","1.99","2.39","Galioja: 02.09 - 02.15","3"
"Tepiesiems riebalų mišiniams SAULUTĖ","100 g, 200 g, 500 g, 3 rūšių","https://iki.lt/wp-content/uploads/2026/02/06/20260209-189.jpg","","","","Galioja: 02.09 - 02.15","0"
"Glaistytas varškės sūrelis KARUMS","45 g, 4 rūšių, 10,00 Eur/kg","https://iki.lt/wp-content/uploads/2026/02/06/20260209-190.jpg","-30%","0.45","0.65","Galioja: 02.09 - 02.15","0"
"GRŪDĖTA varškė","150 g, 6 rūšių, 8,60 Eur/kg. Ir IKI EXPRESS","https://iki.lt/wp-content/uploads/2026/02/06/20260209-191.jpg","-27%","1.29","1.79","Galioja: 02.09 - 02.15","0"
"Termiškai apdorotas jogurtas ZOTT ZOTTIKS","115 g, 2 rūšių, 0,49 Eur/vnt.","https://iki.lt/wp-content/uploads/2026/02/06/20260209-192.jpg","2+1","0.98","0.49","Galioja: 02.09 - 02.15","3"
"Jogurtas JO","0,9 kg, 2 rūšių, 2,43 Eur/kg","https://iki.lt/wp-content/uploads/2026/02/06/20260209-193.jpg","-21%","2.19","2.79","Galioja: 02.09 - 02.15","3"
"Pieno produktams ALMA","10 rūšių","https://iki.lt/wp-content/uploads/2026/02/06/20260209-194.jpg","","","","Galioja: 02.09 - 02.15","3"
"Sūris PRESIDENT BRIE","125 g, 2 rūšių, 15,92 Eur/kg. Ir IKI EXPRESS","https://iki.lt/wp-content/uploads/2026/02/06/20260209-195.jpg","-26%","1.99","2.69","Galioja: 02.09 - 02.15","0"
"Majonezas HELLMANN’S ORIGINAL","855 ml, 4,67 Eur/l","https://iki.lt/wp-content/uploads/2026/02/06/20260209-196.jpg","-49%","3.99","7.89","Galioja: 02.09 - 02.15","0"
"Sūrio gaminys DELAKTIS salotoms","200 g, 5,95 Eur/kg","https://iki.lt/wp-content/uploads/2026/02/06/20260209-197.jpg","-20%","1.19","1.49","Galioja: 02.09 - 02.15","0"
"Sūris GRIKIOS salotoms","200 g, 9,95 Eur/kg","https://iki.lt/wp-content/uploads/2026/02/06/20260209-198.jpg","-31%","1.99","2.89","Galioja: 02.09 - 02.15","3"
"Klasikinis sūris HALLOUMI","225 g, 11,51 Eur/kg","https://iki.lt/wp-content/uploads/2026/02/06/20260209-199.jpg","-35%","2.59","3.99","Galioja: 02.09 - 02.15","3"
"Keptas varškės sūris BBQ KING su česnakais ir aitriąja paprika","230 g, 15,87 Eur/kg","https://iki.lt/wp-content/uploads/2026/02/06/20260209-200.jpg","-22%","3.65","4.69","Galioja: 02.09 - 02.15","3"
"Sūris HOCHLAND riekutėmis","130 g, 2 rūšių, 12,85 Eur/kg","https://iki.lt/wp-content/uploads/2026/02/06/20260209-201.jpg","-20%","1.67","2.09","Galioja: 02.09 - 02.15","3"
"Lydytiems tepamiesiems sūriams VALIO","185 g, 370 g, 3 rūšių","https://iki.lt/wp-content/uploads/2026/02/06/20260209-202.jpg","","","","Galioja: 02.09 - 02.15","3"
"Tepamasiems varškės sūriams ALMETTE","150 g, 2 rūšių","https://iki.lt/wp-content/uploads/2026/02/06/20260209-203.jpg","","","","Galioja: 02.09 - 02.15","3"
"VILKYŠKIŲ varškės užtepėlė","150 g, 2 rūšių, 8,33 Eur/kg. Ir IKI EXPRESS","https://iki.lt/wp-content/uploads/2026/02/06/20260209-204.jpg","-24%","1.25","1.65","Galioja: 02.09 - 02.15","0"
"Grietinėlei PRESIDENT","98 g, 250 g, 2 rūšių. Ir IKI EXPRESS","https://iki.lt/wp-content/uploads/2026/02/06/20260209-205.jpg","","","","Galioja: 02.09 - 02.15","0"
"ROKIŠKIO saldintas sutirštintas pienas","397 g, 8 % rieb., 5,01 Eur/kg","https://iki.lt/wp-content/uploads/2026/02/06/20260209-206.jpg","-26%","1.99","2.69","Galioja: 02.09 - 02.15","0"
"KIETI putpelių kiaušiniai","18 vnt., 0,10 Eur/vnt.","https://iki.lt/wp-content/uploads/2026/02/06/20260209-207.jpg","-35%","1.79","2.79","Galioja: 02.09 - 02.15","3"
"Majoneziniams padažams WOWMAMA","420 g, 440 g, 450 g, 4 rūšių","https://iki.lt/wp-content/uploads/2026/02/06/20260209-208.jpg","","","","Galioja: 02.09 - 02.15","3"
"Pelėsinis sūris MILLERET MON P’TIT su trumais","135 g, 55 % rieb., 26,59 Eur/kg","https://iki.lt/wp-content/uploads/2026/02/06/20260209-209.jpg","-28%","3.59","4.99","Galioja: 02.09 - 02.15","3"
"Sūris ILE DE FRANCE BRIE su mėlynaisiais pelėsiais","125 g, 34,32 Eur/kg","https://iki.lt/wp-content/uploads/2026/02/06/20260209-210.jpg","-21%","4.29","5.49","Galioja: 02.09 - 02.15","3"
"Ožkų pieno sūris CHAVROUX","150 g, 22,60 Eur/kg. Ir IKI EXPRESS","https://iki.lt/wp-content/uploads/2026/02/06/20260209-211.jpg","-20%","3.39","4.29","Galioja: 02.09 - 02.15","0"
"Maskarponės tortas be laktozės (nepridėta cukrų)","400 g, 19,98 Eur/kg. Ir IKI EXPRESS","https://iki.lt/wp-content/uploads/2026/02/06/20260209-212.jpg","-23%","7.99","10.49","Galioja: 02.09 - 02.15","3"
"Šaltyje džiovintiems vaisiams, uogoms SUMMMER","Įvairių rūšių","https://iki.lt/wp-content/uploads/2026/02/06/20260209-213.jpg","","","","Galioja: 02.09 - 02.15","3"
"Baltyminis jogurtas ar desertas FIT","150 g, 3 rūšių, 1,49 Eur/vnt.","https://iki.lt/wp-content/uploads/2026/02/06/20260209-214.jpg","2+1","2.98","1.49","Galioja: 02.09 - 02.15","3"
"Sausainiai GULLON be cukraus","170 g, 10,53 Eur/kg. Ir IKI EXPRESS","https://iki.lt/wp-content/uploads/2026/02/06/20260209-215.jpg","TIK","1.79","2.59","Galioja: 02.09 - 02.15","0"
"Datulės BEATOS VIRTUVĖ","100 g, 2 rūšių, 19,90 Eur/kg. Ir IKI EXPRESS","https://iki.lt/wp-content/uploads/2026/02/06/20260209-216.jpg","TIK","1.99","2.99","Galioja: 02.09 - 02.15","3"
"BILLA kečupas","560 g, 3,20 Eur/kg","https://iki.lt/wp-content/uploads/2026/02/06/20260209-217.jpg","TIK","1.79","2.99","Galioja: 02.09 - 02.15","0"
"Greitai paruošiamiems makaronams SUN YAN","Įvairių rūšių. Ir IKI EXPRESS","https://iki.lt/wp-content/uploads/2026/02/06/20260209-218.jpg","","","","Galioja: 02.09 - 02.15","0"
"Saulėgrąžų aliejus VILNIUS","1 l","https://iki.lt/wp-content/uploads/2026/02/06/20260209-219.jpg","TIK","1.99","3.99","Galioja: 02.09 - 02.15","0"
"Alyvuogių aliejus BORGES EXTRA VIRGIN","750 ml, 11,99 Eur/l","https://iki.lt/wp-content/uploads/2026/02/06/20260209-220.jpg","TIK","8.99","15.99","Galioja: 02.09 - 02.15","3"
"BILLA alyvuogių aliejus EXTRA VIRGIN","750 ml, 9,32 Eur/l","https://iki.lt/wp-content/uploads/2026/02/06/20260209-221.jpg","TIK","6.99","11.99","Galioja: 02.09 - 02.15","0"
"Aliejui SANTOLINO","Įvairių rūšių","https://iki.lt/wp-content/uploads/2026/02/06/20260209-222.jpg","","","","Galioja: 02.09 - 02.15","3"
"Kokosų aliejui","Įvairių rūšių","https://iki.lt/wp-content/uploads/2026/02/06/20260209-223.jpg","","","","Galioja: 02.09 - 02.15","0"
"Ryžiai BASMATI HIMALAYAN CROWN","800 g, 3,74 Eur/kg","https://iki.lt/wp-content/uploads/2026/02/06/20260209-224.jpg","TIK","2.99","3.99","Galioja: 02.09 - 02.15","0"
"Grikiai SKANĖJA","4 x 125 g, 2,58 Eur/kg","https://iki.lt/wp-content/uploads/2026/02/06/20260209-225.jpg","TIK","1.29","1.99","Galioja: 02.09 - 02.15","0"
"Dribsniams, košėms SKANĖJA","Įvairių rūšių","https://iki.lt/wp-content/uploads/2026/02/06/20260209-226.jpg","","","","Galioja: 02.09 - 02.15","0"
"Kvietiniai miltai MALSENA KARALIŠKI","1,75 kg, a. r., 0,97 Eur/kg","https://iki.lt/wp-content/uploads/2026/02/06/20260209-227.jpg","TIK","1.69","2.39","Galioja: 02.09 - 02.15","0"
"Makaronai DOBELE","500 g, įvairių rūšių, 1,98 Eur/kg","https://iki.lt/wp-content/uploads/2026/02/06/20260209-228.jpg","TIK","0.99","1.49","Galioja: 02.09 - 02.15","0"
"Makaronams PASAKA","Įvairių rūšių","https://iki.lt/wp-content/uploads/2026/02/06/20260209-229.jpg","","","","Galioja: 02.09 - 02.15","0"
"SUSLAVIČIAUS padažams, kečupui","Įvairių rūšių","https://iki.lt/wp-content/uploads/2026/02/06/20260209-230.jpg","","","","Galioja: 02.09 - 02.15","0"
"Greitai paruošiami makaronai JIN OTOKI","120 g, 3 rūšių, 11,58 Eur/kg","https://iki.lt/wp-content/uploads/2026/02/06/20260209-231.jpg","TIK","1.39","1.99","Galioja: 02.09 - 02.15","3"
"Greitai paruošiama makaronų sriuba MAGGI","59 g, 5 rūšių, 0,79 Eur/vnt.","https://iki.lt/wp-content/uploads/2026/02/06/20260209-232.jpg","1+1","0.79","","Galioja: 02.09 - 02.15","0"
"IKI marinuotiems agurkams","Įvairių rūšių","https://iki.lt/wp-content/uploads/2026/02/06/20260209-233.jpg","","","","Galioja: 02.09 - 02.15","0"
"Tunai CALVO","240 g, 3 rūšių, 13,71 Eur/kg","https://iki.lt/wp-content/uploads/2026/02/06/20260209-234.jpg","TIK","3.29","5.29","Galioja: 02.09 - 02.15","0"
"Žuvų konservams BANGA","Įvairių rūšių","https://iki.lt/wp-content/uploads/2026/02/06/20260209-235.jpg","","","","Galioja: 02.09 - 02.15","0"
"Mėsos konservai KUCHNIA STAROPOLSKA","300 g, 2 rūšių, 6,97 Eur/kg. Ir IKI EXPRESS","https://iki.lt/wp-content/uploads/2026/02/06/20260209-236.jpg","TIK","2.09","3.99","Galioja: 02.09 - 02.15","0"
"Marinuotiems KĖDAINIŲ agurkams","Įvairių rūšių","https://iki.lt/wp-content/uploads/2026/02/06/20260209-237.jpg","","","","Galioja: 02.09 - 02.15","0"
"BILLA konservuoti pomidorai","400 g, 2 rūšių, 1,73 Eur/kg. Ir IKI EXPRESS","https://iki.lt/wp-content/uploads/2026/02/06/20260209-238.jpg","TIK","0.69","0.99","Galioja: 02.09 - 02.15","0"
"Konservuotiems žirneliams BONDUELLE","Įvairių rūšių","https://iki.lt/wp-content/uploads/2026/02/06/20260209-239.jpg","","","","Galioja: 02.09 - 02.15","0"
"Alyvuogės ITLV","370 ml, 300 g, 5 rūšių","https://iki.lt/wp-content/uploads/2026/02/06/20260209-240.jpg","TIK","1.69","2.69","Galioja: 02.09 - 02.15","0"
"Prieskoniams VEGETA","Įvairių rūšių","https://iki.lt/wp-content/uploads/2026/02/06/20260209-241.jpg","","","","Galioja: 02.09 - 02.15","0"
"Prieskoniams SANTA MARIA INDIA","Įvairių rūšių","https://iki.lt/wp-content/uploads/2026/02/06/20260209-242.jpg","","","","Galioja: 02.09 - 02.15","3"
"Prieskoniams KOTANYI","Įvairių rūšių","https://iki.lt/wp-content/uploads/2026/02/06/20260209-243.jpg","","","","Galioja: 02.09 - 02.15","3"
"Prieskoniams ir konditeriniams kepimo priedams ALVO","Įvairių rūšių","https://iki.lt/wp-content/uploads/2026/02/06/20260209-244.jpg","","","","Galioja: 02.09 - 02.15","0"
"KĖDAINIŲ džemams, uogienėms","Įvairių rūšių","https://iki.lt/wp-content/uploads/2026/02/06/20260209-245.jpg","","","","Galioja: 02.09 - 02.15","0"
"Rudasis cukrus ALVO","1 kg","https://iki.lt/wp-content/uploads/2026/02/06/20260209-246.jpg","TIK","1.79","2.99","Galioja: 02.09 - 02.15","0"
"Medui","Įvairių rūšių","https://iki.lt/wp-content/uploads/2026/02/06/20260209-247.jpg","","","","Galioja: 02.09 - 02.15","0"
"Bulvių traškučiai ESTRELLA","115 g, 130 g, 6 rūšių. Ir IKI EXPRESS","https://iki.lt/wp-content/uploads/2026/02/06/20260209-248.jpg","","","","Galioja: 02.09 - 02.15","0"
"Bulvių traškučiai TAFFEL","180 g, 5 rūšių, 7,72 Eur/kg. Ir IKI EXPRESS","https://iki.lt/wp-content/uploads/2026/02/06/20260209-249.jpg","TIK","1.39","2.79","Galioja: 02.09 - 02.15","0"
"Krekeriams TUC","100 g, 5 rūšių","https://iki.lt/wp-content/uploads/2026/02/06/20260209-250.jpg","","","","Galioja: 02.09 - 02.15","0"
"SANTA MARIA kukurūzų traškučiams ir mirkymo padažams","Įvairių rūšių. Ir IKI EXPRESS","https://iki.lt/wp-content/uploads/2026/02/06/20260209-251.jpg","","","","Galioja: 02.09 - 02.15","0"
"Trapučiai FASMA","210 g, 2 rūšių, 7,57 Eur/kg. Ir IKI EXPRESS","https://iki.lt/wp-content/uploads/2026/02/06/20260209-252.jpg","TIK","1.59","1.99","Galioja: 02.09 - 02.15","0"
"Spragintiems kukurūzams MOGYI","Įvairių rūšių. Ir IKI EXPRESS","https://iki.lt/wp-content/uploads/2026/02/06/20260209-253.jpg","","","","Galioja: 02.09 - 02.15","3"
"Javainiams CORNY","Įvairių rūšių","https://iki.lt/wp-content/uploads/2026/02/06/20260209-254.jpg","","","","Galioja: 02.09 - 02.15","0"
"NICE BITES karamelizuotas ar su sūriu riešutų mišinys PREMIUM","150 g, 2 rūšių, 18,60 Eur/kg","https://iki.lt/wp-content/uploads/2026/02/06/20260209-255.jpg","TIK","2.79","4.49","Galioja: 02.09 - 02.15","3"
"NICE BITES žemės riešutai","100 g, 0,99 Eur/vnt. Ir IKI EXPRESS","https://iki.lt/wp-content/uploads/2026/02/06/20260209-256.jpg","1+1","0.99","","Galioja: 02.09 - 02.15","0"
"Riešutams ir džiovintiems vaisiams ALVO","Įvairių rūšių. Ir IKI EXPRESS","https://iki.lt/wp-content/uploads/2026/02/06/20260209-257.jpg","","","","Galioja: 02.09 - 02.15","0"
"Sveriami riešutų branduoliai","1 kg","https://iki.lt/wp-content/uploads/2026/02/06/20260209-258.jpg","TIK","6.99","12.99","Galioja: 02.09 - 02.15","3"
"Sveriami migdolų branduoliai","1 kg","https://iki.lt/wp-content/uploads/2026/02/06/20260209-259.jpg","TIK","9.99","18.99","Galioja: 02.09 - 02.15","3"
"Sausiems pusryčiams ir javainių batonėliams NESTLE","Įvairių rūšių","https://iki.lt/wp-content/uploads/2026/02/06/20260209-260.jpg","","","","Galioja: 02.09 - 02.15","0"
"Bolivinių balandų sėklos ALVO","400 g, 4,98 Eur/kg","https://iki.lt/wp-content/uploads/2026/02/06/20260209-261.jpg","TIK","1.99","3.99","Galioja: 02.09 - 02.15","0"
"Žemės riešutų kremas RŪTA","320 g, 2 rūšių, 7,78 Eur/kg","https://iki.lt/wp-content/uploads/2026/02/06/20260209-262.jpg","TIK","2.49","3.99","Galioja: 02.09 - 02.15","3"
"Lazdynų riešutų kremams NUTELLA","230 g, 350 g, 600 g, 4 rūšių. Ir IKI EXPRESS","https://iki.lt/wp-content/uploads/2026/02/06/20260209-263.jpg","","","","Galioja: 02.09 - 02.15","0"
"TIRA kavos pupelės BARISTA","1 kg, 2 rūšių","https://iki.lt/wp-content/uploads/2026/02/06/20260209-264.jpg","TIK","14.99","17.99","Galioja: 02.09 - 02.15","0"
"TIRA kavos pupelės CREMA","1 kg","https://iki.lt/wp-content/uploads/2026/02/06/20260209-265.jpg","TIK","14.99","17.99","Galioja: 02.09 - 02.15","3"
"TIRA kavos pupelės ESPRESSO","1 kg","https://iki.lt/wp-content/uploads/2026/02/06/20260209-266.jpg","TIK","14.99","17.99","Galioja: 02.09 - 02.15","3"
"TIRA kavos pupelės BRAZIL SINGLE ORGIN","1 kg","https://iki.lt/wp-content/uploads/2026/02/06/20260209-267.jpg","TIK","14.99","17.99","Galioja: 02.09 - 02.15","0"
"TIRA kavos pupelės COLOMBIA BRAZIL","500 g, 15,98 Eur/kg","https://iki.lt/wp-content/uploads/2026/02/06/20260209-268.jpg","TIK","7.99","9.99","Galioja: 02.09 - 02.15","0"
"TIRA kavos pupelės PERU BRAZIL","500 g, 15,98 Eur/kg","https://iki.lt/wp-content/uploads/2026/02/06/20260209-269.jpg","TIK","7.99","9.99","Galioja: 02.09 - 02.15","0"
"TIRA kavos kapsulės (DOLCE GUSTO)","7 rūšių","https://iki.lt/wp-content/uploads/2026/02/06/20260209-270.jpg","TIK","3.99","5.99","Galioja: 02.09 - 02.15","3"
"TIRA kavos kapsulės (NESPRESSO)","20 vnt./pak., 3 rūšių, 0,25 Eur/vnt.","https://iki.lt/wp-content/uploads/2026/02/06/20260209-271.jpg","TIK","4.99","5.99","Galioja: 02.09 - 02.15","3"
"TIRA kavos kapsulės VANILLA, CARAMEL (NESPRESSO)","10 vnt., 2 rūšių","https://iki.lt/wp-content/uploads/2026/02/06/20260209-272.jpg","TIK","2.99","4.49","Galioja: 02.09 - 02.15","3"
"TIRA malta kava GOLD","500 g, 12,98 Eur/kg","https://iki.lt/wp-content/uploads/2026/02/06/20260209-273.jpg","TIK","6.49","9.49","Galioja: 02.09 - 02.15","3"
"TIRA malta kava INTENSO","500 g, 11,58 Eur/kg","https://iki.lt/wp-content/uploads/2026/02/06/20260209-274.jpg","TIK","5.79","7.49","Galioja: 02.09 - 02.15","0"
"TIRA malta kava ESPRESSO","250 g, 13,96 Eur/kg","https://iki.lt/wp-content/uploads/2026/02/06/20260209-275.jpg","TIK","3.49","4.49","Galioja: 02.09 - 02.15","0"
"TIRA malta kava CREMA","250 g, 13,96 Eur/kg","https://iki.lt/wp-content/uploads/2026/02/06/20260209-276.jpg","TIK","3.49","4.49","Galioja: 02.09 - 02.15","0"
"Kavos kapsulės AROMA GOLD (DOLCE GUSTO)","9 rūšių","https://iki.lt/wp-content/uploads/2026/02/06/20260209-277.jpg","SUPER KAINA","4.69","8.49","Galioja: 02.09 - 02.15","3"
"Kavos pupelės MERRILD","1 kg, 4 rūšių","https://iki.lt/wp-content/uploads/2026/02/06/20260209-278.jpg","TIK","16.99","25.99","Galioja: 02.09 - 02.15","0"
"Kavos pupelės LAVAZZA QUALITA ORO, RISERVA","1 kg, 2 rūšių. Ir IKI EXPRESS","https://iki.lt/wp-content/uploads/2026/02/06/20260209-279.jpg","TIK","22.99","31.99","Galioja: 02.09 - 02.15","0"
"Kavos kapsulėms ir kavos pupelėms STARBUCKS","Įvairių rūšių","https://iki.lt/wp-content/uploads/2026/02/06/20260209-280.jpg","","","","Galioja: 02.09 - 02.15","3"
"BILLA BIO malta kava","500 g, 13,98 Eur/kg","https://iki.lt/wp-content/uploads/2026/02/06/20260209-281.jpg","TIK","6.99","9.99","Galioja: 02.09 - 02.15","3"
"Malta kava PAULIG CLASSIC AROMATICO","500 g, 13,98 Eur/kg","https://iki.lt/wp-content/uploads/2026/02/06/20260209-282.jpg","TIK","6.99","9.99","Galioja: 02.09 - 02.15","0"
"Malta kava MERRILD IN CUP","500 g, 13,98 Eur/kg. Ir IKI EXPRESS","https://iki.lt/wp-content/uploads/2026/02/06/20260209-283.jpg","TIK","6.99","11.99","Galioja: 02.09 - 02.15","0"
"Malta kava LAVAZZA CLUB","250 g, 27,96 Eur/kg. Ir IKI EXPRESS","https://iki.lt/wp-content/uploads/2026/02/06/20260209-284.jpg","TIK","6.99","9.49","Galioja: 02.09 - 02.15","0"
"Malta kava JACOBS KRONUNG","250 g, 17,16 Eur/kg","https://iki.lt/wp-content/uploads/2026/02/06/20260209-285.jpg","TIK","4.29","6.99","Galioja: 02.09 - 02.15","3"
"Tirpioji kava MERRILD CLASSIC","200 g, 34,95 Eur/kg","https://iki.lt/wp-content/uploads/2026/02/06/20260209-286.jpg","TIK","6.99","10.29","Galioja: 02.09 - 02.15","3"
"Tirpiosios kavos gėrimas NESCAFE","10 vnt., 4 rūšių. Ir IKI EXPRESS","https://iki.lt/wp-content/uploads/2026/02/06/20260209-287.jpg","TIK","2.89","4.39","Galioja: 02.09 - 02.15","0"
"Tirpiosios kavos gėrimas JACOBS","1 vnt., 7 rūšių, (porcijomis)","https://iki.lt/wp-content/uploads/2026/02/06/20260209-288.jpg","TIK","0.29","0.45","Galioja: 02.09 - 02.15","0"
"Kakavai NESQUIK","Įvairių rūšių","https://iki.lt/wp-content/uploads/2026/02/06/20260209-289.jpg","","","","Galioja: 02.09 - 02.15","0"
"Arbatai DILMAH","Įvairių rūšių","https://iki.lt/wp-content/uploads/2026/02/06/20260209-290.jpg","","","","Galioja: 02.09 - 02.15","0"
"BILLA BIO arbata","20 vnt., 5 rūšių. Ir IKI EXPRESS","https://iki.lt/wp-content/uploads/2026/02/06/20260209-291.jpg","TIK","1.89","2.79","Galioja: 02.09 - 02.15","3"
"Nealkoholiniams vynams, putojantiems vynams, alui ir sidrui","Įvairių rūšių","https://iki.lt/wp-content/uploads/2026/02/06/20260209-292.jpg","","","","Galioja: 02.09 - 02.15","0"
"Negazuotas mineralinis vanduo AKVILĖ","2 l, 0,30 Eur/l. Ir IKI EXPRESS","https://iki.lt/wp-content/uploads/2026/02/06/20260209-293.jpg","TIK","0.59","0.99","Galioja: 02.09 - 02.15","0"
"Gazuotas mineralinis vanduo VYTAUTAS","1 l. Ir IKI EXPRESS","https://iki.lt/wp-content/uploads/2026/02/06/20260209-294.jpg","TIK","0.45","0.75","Galioja: 02.09 - 02.15","0"
"Mineralinis vanduo HERMIS","1 l, 3 rūšių, 0,79 Eur/vnt. Ir IKI EXPRESS","https://iki.lt/wp-content/uploads/2026/02/06/20260209-295.jpg","1+1","0.79","","Galioja: 02.09 - 02.15","0"
"Sulčių gėrimas HOHES C","0,85 l, 2 rūšių, 2,22 Eur/l","https://iki.lt/wp-content/uploads/2026/02/06/20260209-296.jpg","TIK","1.89","2.99","Galioja: 02.09 - 02.15","3"
"Nektaras ar sulčių gėrimas CIDO","0,2 l, 7 rūšių, 1,95 Eur/l. Ir IKI EXPRESS","https://iki.lt/wp-content/uploads/2026/02/06/20260209-297.jpg","TIK","0.39","0.59","Galioja: 02.09 - 02.15","0"
"Sulčių gėrimas GRANINI","1 l, 3 rūšių. Ir IKI EXPRESS","https://iki.lt/wp-content/uploads/2026/02/06/20260209-298.jpg","TIK","2.79","4.09","Galioja: 02.09 - 02.15","0"
"Įvairių vaisių sulčių gėrimas ELMENHORSTER","1 l, 1,89 Eur/vnt.","https://iki.lt/wp-content/uploads/2026/02/06/20260209-299.jpg","1+1","1.89","","Galioja: 02.09 - 02.15","3"
"Kokosų vanduo BONSU","0,33 l, 4,52 Eur/l. Ir IKI EXPRESS","https://iki.lt/wp-content/uploads/2026/02/06/20260209-300.jpg","TIK","1.49","2.29","Galioja: 02.09 - 02.15","0"
"Burbulinės arbatos gėrimas OMG","0,27 l, 3 rūšių, 7,37 Eur/l. Ir IKI EXPRESS","https://iki.lt/wp-content/uploads/2026/02/06/20260209-301.jpg","TIK","1.99","2.79","Galioja: 02.09 - 02.15","0"
"Gazuotas gėrimas COCA-COLA, FANTA, SPRITE","1 l, 5 rūšių. Ir IKI EXPRESS","https://iki.lt/wp-content/uploads/2026/02/06/20260209-302.jpg","TIK","1.19","1.99","Galioja: 02.09 - 02.15","0"
"Gazuotas gėrimas SANPELLEGRINO","0,33 l, 6 rūšių, 3,00 Eur/l. Ir IKI EXPRESS","https://iki.lt/wp-content/uploads/2026/02/06/20260209-303.jpg","TIK","0.99","1.69","Galioja: 02.09 - 02.15","0"
"GUBERNIJOS gira","0,5 l, 3 rūšių, 1,58 Eur/l. Ir IKI EXPRESS","https://iki.lt/wp-content/uploads/2026/02/06/20260209-304.jpg","TIK","0.79","1.09","Galioja: 02.09 - 02.15","0"
"Nefiltruota gira TAURAS","1,5 l","https://iki.lt/wp-content/uploads/2026/02/06/20260209-305.jpg","","","","Galioja: 02.09 - 02.15","3"
"Energinis gėrimas BURN","0,25 l, 5 rūšių, 2,76 Eur/l, (nevartoti su alkoholiniais gėrimais)","https://iki.lt/wp-content/uploads/2026/02/06/20260209-306.jpg","TIK","0.69","1.09","Galioja: 02.09 - 02.15","3"
"Energinis gėrimas RED BULL","0,355 l, 2 rūšių, 4,93 Eur/l, (nevartoti su alkoholiniais gėrimais). Ir IKI EXPRESS","https://iki.lt/wp-content/uploads/2026/02/06/20260209-307.jpg","TIK","1.75","2.29","Galioja: 02.09 - 02.15","0"
"Tualetinis popierius RENOVA SKIN CARE DERMA","24 rit., 150 lap., 3 sl., 0,29 Eur/rit.","https://iki.lt/wp-content/uploads/2026/02/06/20260209-308.jpg","SUPER KAINA","6.99","15.99","Galioja: 02.09 - 02.15","3"
"Tualetinis popierius RENOVA SKIN CARE DECO","6 rit., 200 lap., 3 sl., 0,42 Eur/rit.","https://iki.lt/wp-content/uploads/2026/02/06/20260209-309.jpg","TIK","2.49","5.49","Galioja: 02.09 - 02.15","0"
"Popieriniai rankšluosčiai VELTIE TURBO","1 rit., 340 lap., 3 sl.","https://iki.lt/wp-content/uploads/2026/02/06/20260209-310.jpg","TIK","2.99","6.49","Galioja: 02.09 - 02.15","3"
"Indaplovių kapsulės FINISH POWERBALL","50 vnt., 0,36 Eur/vnt.","https://iki.lt/wp-content/uploads/2026/02/06/20260209-311.jpg","TIK","17.99","33.99","Galioja: 02.09 - 02.15","3"
"Indaplovių kapsulės ar gelis SOMAT","540 ml, 34 skalb., 2 rūšių","https://iki.lt/wp-content/uploads/2026/02/06/20260209-312.jpg","TIK","8.99","15.99","Galioja: 02.09 - 02.15","3"
"Indų ploviklis FAIRY","900 ml, 4 rūšių, 3,10 Eur/l","https://iki.lt/wp-content/uploads/2026/02/06/20260209-313.jpg","TIK","2.79","4.39","Galioja: 02.09 - 02.15","3"
"Skalbimo kapsulės REX POWER CAPS","13 skalb., 2 rūšių","https://iki.lt/wp-content/uploads/2026/02/06/20260209-314.jpg","TIK","4.49","6.99","Galioja: 02.09 - 02.15","3"
"Skystasis skalbiklis PERWOLL","20 skalb., 4 rūšių","https://iki.lt/wp-content/uploads/2026/02/06/20260209-315.jpg","TIK","4.99","8.49","Galioja: 02.09 - 02.15","0"
"Skalbinių minkštiklis LENOR","32 skalb., 38 skalb., 3 rūšių","https://iki.lt/wp-content/uploads/2026/02/06/20260209-316.jpg","TIK","3.49","5.79","Galioja: 02.09 - 02.15","0"
"Valikliams AJAX","Įvairių rūšių","https://iki.lt/wp-content/uploads/2026/02/06/20260209-317.jpg","","","","Galioja: 02.09 - 02.15","3"
"Valikliams KH-7","Įvairių rūšių. Pasiūlymas galioja 2026 02 02 - 02 15","https://iki.lt/wp-content/uploads/2026/02/06/20260209-318.jpg","","","","Galioja: 02.09 - 02.15","3"
"Tualeto valiklis – gaiviklis BREF","2 x 42 g, 2 x 50 g, 7 rūšių","https://iki.lt/wp-content/uploads/2026/02/06/20260209-319.jpg","TIK","3.69","5.79","Galioja: 02.09 - 02.15","3"
"Oro gaiviklis AIR WICK magnolijų ir vyšnių žydėjimas","300 ml, 6,63 Eur/l","https://iki.lt/wp-content/uploads/2026/02/06/20260209-320.jpg","TIK","1.99","3.49","Galioja: 02.09 - 02.15","3"
"Skalbimo priemonėms ARIEL","Įvairių rūšių. Ir IKI EXPRESS","https://iki.lt/wp-content/uploads/2026/02/06/20260209-321.jpg","","","","Galioja: 02.09 - 02.15","0"
"Kačių, šunų ėdalui ONE","Įvairių rūšių","https://iki.lt/wp-content/uploads/2026/02/06/20260209-322.jpg","","","","Galioja: 02.09 - 02.15","3"
"Kačių ar šunų užkandžiai WANPY","90 g, 4 rūšių, 15,44 Eur/kg","https://iki.lt/wp-content/uploads/2026/02/06/20260209-323.jpg","TIK","1.39","1.99","Galioja: 02.09 - 02.15","3"
"ZOOROYAL traškios kačių pagalvėlės su vištiena ar jautiena","800 g, 2 rūšių, 3,11 Eur/kg","https://iki.lt/wp-content/uploads/2026/02/06/20260209-324.jpg","TIK","2.49","3.99","Galioja: 02.09 - 02.15","3"
"ZOOROYAL pienas katėms","2 x 200 ml, 2,48 Eur/l","https://iki.lt/wp-content/uploads/2026/02/06/20260209-325.jpg","TIK","0.99","1.49","Galioja: 02.09 - 02.15","3"
"ZOOROYAL šlapi sūrio ir pieno skanėstai katėms","8 x 15 g, 15,42 Eur/kg","https://iki.lt/wp-content/uploads/2026/02/06/20260209-326.jpg","TIK","1.85","3.99","Galioja: 02.09 - 02.15","3"
"Šunų ėdalui DARLING","3 kg, 10 kg, 2 rūšių","https://iki.lt/wp-content/uploads/2026/02/06/20260209-327.jpg","","","","Galioja: 02.09 - 02.15","0"
"Šunų skanėstams NATURE LIVING","8 rūšių","https://iki.lt/wp-content/uploads/2026/02/06/20260209-328.jpg","","","","Galioja: 02.09 - 02.15","0"
"Šunų ir kačių ėdalui CLUB 4 PAWS","Įvairių rūšių","https://iki.lt/wp-content/uploads/2026/02/06/20260209-329.jpg","","","","Galioja: 02.09 - 02.15","0"
"Pavadėliams FLEXI","3 rūšių","https://iki.lt/wp-content/uploads/2026/02/06/20260209-330.jpg","","","","Galioja: 02.09 - 02.15","3"
"Silikoninis kačių kraikas SILICA GEL","3,8 l, 0,68 Eur/l","https://iki.lt/wp-content/uploads/2026/02/06/20260209-331.jpg","TIK","2.59","5.49","Galioja: 02.09 - 02.15","3"
"ZOOROYAL higieninis kačių kraikas","10 l, 0,50 Eur/l","https://iki.lt/wp-content/uploads/2026/02/06/20260209-332.jpg","TIK","4.99","9.99","Galioja: 02.09 - 02.15","3"
"ZOOROYAL kačių kraikas TIGROOO","10 l, 0,50 Eur/l","https://iki.lt/wp-content/uploads/2026/02/06/20260209-333.jpg","TIK","4.99","8.99","Galioja: 02.09 - 02.15","3"
"Maisto ruošimo įrankiams ir keptuvėms","Įvairių rūšių","https://iki.lt/wp-content/uploads/2026/02/06/20260209-334.jpg","","","","Galioja: 02.09 - 02.15","0"
"Knygoms iki","Įvairių rūšių. Pasiūlymas galioja iki 2026 03 08. Nuolaida suteikiama tik pažymėtoms prekėms","https://iki.lt/wp-content/uploads/2026/02/06/20260209-335.jpg","","","","Galioja: 02.09 - 02.15","3"
"Dekoratyvinėms žvakėms ir dekoratyvinėms servetėlėms","Įvairių rūšių","https://iki.lt/wp-content/uploads/2026/02/06/20260209-336.jpg","","","","Galioja: 02.09 - 02.15","0"
"Virtuvinėms šluostėms, kempinėms ir guminėms pirštinėms","Įvairių rūšių. Ir IKI EXPRESS","https://iki.lt/wp-content/uploads/2026/02/06/20260209-337.jpg","","","","Galioja: 02.09 - 02.15","0"
"Kojinėms ir pėdkelnėms SKINIJA","Įvairių rūšių","https://iki.lt/wp-content/uploads/2026/02/06/20260209-338.jpg","","","","Galioja: 02.09 - 02.15","0"
"Moteriškoms pėdkelnėms, kojinaitėms, puskojinėms","Įvairių rūšių","https://iki.lt/wp-content/uploads/2026/02/06/20260209-339.jpg","","","","Galioja: 02.09 - 02.15","0"
"Žaislams","Įvairių rūšių","https://iki.lt/wp-content/uploads/2026/02/06/20260209-340.jpg","","","","Galioja: 02.09 - 02.15","0"
"BILLA BIO tyrelė","360 g, 3 rūšių, 6,36 Eur/kg","https://iki.lt/wp-content/uploads/2026/02/06/20260209-341.jpg","TIK","2.29","3.79","Galioja: 02.09 - 02.15","3"
"Spaudžiamos tyrelės HIPP","100 g, 8 rūšių, 1,89 Eur/vnt.","https://iki.lt/wp-content/uploads/2026/02/06/20260209-342.jpg","2+1","3.78","1.89","Galioja: 02.09 - 02.15","3"
"Sauskelnėms BABY WELL","9 rūšių","https://iki.lt/wp-content/uploads/2026/02/06/20260209-343.jpg","","","","Galioja: 02.09 - 02.15","0"
"Drėgnoms kūdikių servetėlėms","Įvairių rūšių. Ir IKI EXPRESS","https://iki.lt/wp-content/uploads/2026/02/06/20260209-344.jpg","","","","Galioja: 02.09 - 02.15","0"
"Moterų higienos priemonėms BELLA","Įvairių rūšių","https://iki.lt/wp-content/uploads/2026/02/06/20260209-345.jpg","","","","Galioja: 02.09 - 02.15","3"
"Higieniniai paketai NATURELLA ULTRA","14 vnt., 16 vnt., 18 vnt., 20 vnt., 4 rūšių","https://iki.lt/wp-content/uploads/2026/02/06/20260209-346.jpg","TIK","2.99","4.29","Galioja: 02.09 - 02.15","3"
"Higieniniai įklotai DISCREET","100 vnt./pak., 2 rūšių","https://iki.lt/wp-content/uploads/2026/02/06/20260209-347.jpg","TIK","4.99","6.49","Galioja: 02.09 - 02.15","3"
"Rankšluostis MONACO iki","1 vnt., 4 spalvų, 3 dydžių","https://iki.lt/wp-content/uploads/2026/02/06/20260209-348.jpg","","","","Galioja: 02.09 - 02.15","0"
"Kilimas","1 vnt., 3 dizainų","https://iki.lt/wp-content/uploads/2026/02/06/20260209-349.jpg","TIK","6.99","15.99","Galioja: 02.09 - 02.15","3"
"Vyriški apatiniai PIERRE CARDIN","3 vnt./pak., 4 dydžių","https://iki.lt/wp-content/uploads/2026/02/06/20260209-350.jpg","TIK","11.99","21.99","Galioja: 02.09 - 02.15","3"
"Spragėsių gaminimo aparatas BESTRON","1 vnt., rožinės spalvos","https://iki.lt/wp-content/uploads/2026/02/06/20260209-351.jpg","TIK","19.99","39.99","Galioja: 02.09 - 02.15","3"
"Vaflių keptuvė AAW700P","1 vnt., gyvūnų formos, rožinės spalvos","https://iki.lt/wp-content/uploads/2026/02/06/20260209-352.jpg","TIK","19.99","39.99","Galioja: 02.09 - 02.15","3"
"Karšto oro gruzdintuvė MELISSA","1 vnt.","https://iki.lt/wp-content/uploads/2026/02/06/20260209-353.jpg","TIK","49.99","99.99","Galioja: 02.09 - 02.15","3"
"Ketaus puodas ORANGE SHADOW","1 vnt.","https://iki.lt/wp-content/uploads/2026/02/06/20260209-354.jpg","TIK","41.99","69.99","Galioja: 02.09 - 02.15","3"
"IKI ŠEFAI tortams","Įvairių rūšių","https://iki.lt/wp-content/uploads/2026/02/06/20260209-355.jpg","","","","Galioja: 02.12 - 02.15","3"
"Sūriams","Įvairių rūšių, (nuolaida netaikoma varškės sūriams). Ir IKI EXPRESS","https://iki.lt/wp-content/uploads/2026/02/06/20260209-356.jpg","","","","Galioja: 02.12 - 02.15","0"
"Vaisvandeniams","Įvairių rūšių. Ir IKI EXPRESS","https://iki.lt/wp-content/uploads/2026/02/06/20260209-357.jpg","","","","Galioja: 02.12 - 02.15","0"
"CLEVER sveriamos bulvės","1 kg","https://iki.lt/wp-content/uploads/2026/02/06/20260209-358.jpg","SUPER KAINA","0.17","","Galioja: 02.12 - 02.15","0"
"Smulkintai mėsai ir faršui","Įvairių rūšių","https://iki.lt/wp-content/uploads/2026/02/06/20260209-359.jpg","","","","Galioja: 02.12 - 02.15","3"
"Lašišų pjausniams ir gabalams","2 rūšių","https://iki.lt/wp-content/uploads/2026/02/06/20260209-360.jpg","SUPER KAINA","12.99","14.99","Galioja: 02.12 - 02.15","3"
"Vytintiems mėsos gaminiams","Įvairių rūšių","https://iki.lt/wp-content/uploads/2026/02/06/20260209-361.jpg","","","","Galioja: 02.12 - 02.15","0"
"Riešutams, džiovintiems vaisiams ir sėkloms","Įvairių rūšių. Ir IKI EXPRESS","https://iki.lt/wp-content/uploads/2026/02/06/20260209-362.jpg","","","","Galioja: 02.12 - 02.15","0"
"Tualetiniam popieriui, popieriniams rankšluosčiams ir popierinėms nosinaitėms","Įvairių rūšių. Ir IKI EXPRESS","https://iki.lt/wp-content/uploads/2026/02/06/20260209-363.jpg","","","","Galioja: 02.12 - 02.15","0"
"Mėsos gaminiams MORLINY","200 g, 350 g, 1 kg, 4 rūšių","https://iki.lt/wp-content/uploads/2026/02/06/20260209-364.jpg","","-20%","","Galioja: 02.09 - 02.15","0"
"VILKYŠKIŲ jogurtas","350 g, 5 rūšių","https://iki.lt/wp-content/uploads/2026/02/06/20260209-365.jpg","","1.19","1.39","Galioja: 02.09 - 02.15","0"
"IKI ŠEFAI salotoms kvadratiniuose indeliuose","Įvairių rūšių. Ir IKI EXPRESS","https://iki.lt/wp-content/uploads/2026/02/06/20260209-366.jpg","","-30%","","Galioja: 02.09 - 02.15","0"
"Šaldytai produkcijai TAUTŲ RECEPTAI","400 g, 500 g, 4 rūšių. Ir IKI EXPRESS","https://iki.lt/wp-content/uploads/2026/02/06/20260209-367.jpg","","-20%","","Galioja: 02.09 - 02.15","0"
"Vištienos sriuba PODRAVKA su vermišeliais","62 g","https://iki.lt/wp-content/uploads/2026/02/06/20260209-368.jpg","","0.49","0.75","Galioja: 02.09 - 02.15","0"
"Arbatai TWININGS","Įvairių rūšių. Ir IKI EXPRESS","https://iki.lt/wp-content/uploads/2026/02/06/20260209-369.jpg","","-30%","","Galioja: 02.09 - 02.15","0"
"Ledams","Įvairių rūšių. Ir IKI EXPRESS","https://iki.lt/wp-content/uploads/2026/02/06/800x580-.jpg","","","","Pasiūlymai galioja IKI ir IKI EXPRESS parduotuvėse su IKI lojalumo kortele ar programėle tik 2026 m. vasario 13 d. Nuolaidos nesumuojamos. Nuolaidos netaikomos akcijų ir išpardavimo prekėms. Daugiau informacijos, sąlygos ir išimtys iki.lt.","0"
"Prieskoniams, konditeriniams kepimo priedams, PASAULIO VIRTUVĖS produktams","Įvairių rūšių. Ir IKI EXPRESS","https://iki.lt/wp-content/uploads/2026/02/06/800x580-1.jpg","","","","Pasiūlymai galioja IKI ir IKI EXPRESS parduotuvėse su IKI lojalumo kortele ar programėle tik 2026 m. vasario 13 d. Nuolaidos nesumuojamos. Nuolaidos netaikomos akcijų ir išpardavimo prekėms. Daugiau informacijos, sąlygos ir išimtys iki.lt.","0"